<record><leader>00000cas a22000007a 4500</leader><controlfield tag="001">21095831</controlfield><controlfield tag="008">900220d18581864paucr ne      0    0eng d</controlfield><datafield ind1=" " ind2=" " tag="010"><subfield code="a">sn 90069105 </subfield></datafield><datafield ind1=" " ind2=" " tag="040"><subfield code="a">NPH</subfield><subfield code="b">eng</subfield><subfield code="c">NPH</subfield><subfield code="d">OCLCQ</subfield></datafield><datafield ind1=" " ind2=" " tag="042"><subfield code="a">msc</subfield></datafield><datafield ind1="0" ind2=" " tag="130"><subfield code="a">Valley star (Newville, Pa. : Semiweekly)</subfield></datafield><datafield ind1="1" ind2="4" tag="245"><subfield code="a">The valley star.</subfield></datafield><datafield ind1="1" ind2="7" tag="246"><subfield code="a">Semi-Weekly valley star</subfield></datafield><datafield ind1=" " ind2=" " tag="260"><subfield code="a">Newville, Pa. :</subfield><subfield code="b">Jas. M. Miller</subfield></datafield><datafield ind1=" " ind2=" " tag="300"><subfield code="a">v.</subfield></datafield><datafield ind1=" " ind2=" " tag="310"><subfield code="a">Semiweekly</subfield></datafield><datafield ind1="1" ind2=" " tag="362"><subfield code="a">Began in 1858; ceased in 1864.</subfield></datafield><datafield ind1=" " ind2=" " tag="588"><subfield code="a">Description based on: No. 25 (May 30, 1861).</subfield></datafield><datafield ind1=" " ind2=" " tag="752"><subfield code="a">United States</subfield><subfield code="b">Pennsylvania</subfield><subfield code="c">Cumberland</subfield><subfield code="d">Newville.</subfield></datafield><datafield ind1="0" ind2=" " tag="775"><subfield code="t">Valley star (Newville, Pa.)</subfield><subfield code="w">(DLC)sn 86081659</subfield></datafield></record>